@BOOK{model,
	title = {Principles of Model Checking},
	publisher = {The MIT Press},
	year = {2008},
	author = {et al,Christel Baier.}
}
@misc{checking,
	title = {Introduction to Model Checking},
	note = {A course for software modeling and verification in RWTH Aachen University},
	year = {2016},
}